@techreport{DTSO2009,
  author      = {James Palmer, Simon Palumbo, Tri-Tan Van Cao and and Howard, Stephen},
  title       = {A new Illuminator of Opportunity Bistatic Radar
                 Research Project at DSTO},
  institution = {Defence Science and Technology Organisation},
  month       = {May 2009},
  year        = {2009},
  type        = {Report}
}

@book{INTR2017,
  author    = {Griffiths, H. and Baker, Christopher J. and Xplore, Ieee},
  title     = {An introduction to passive radar},
  publisher = {Artech House
               IEEE Xplore},
  address   = {Boston
               Piscataqay, New Jersey},
  edition   = {First Edition},
  series    = {Artech House radar series},
  keywords  = {Bistatic radar.
               Tracking radar.
               Radar},
  isbn      = {1630810363
               9781630810368
               9781630814311
               1630814318},
  year      = {2017},
  type      = {Book}
}

@article{SIGNAL2013,
  author  = {Mateusz Malanowski, Krzysztof Kulpa, Janusz Kulpa, Piotr Samczynski, Jacek Misiurewicz},
  title   = {Analysis of detection range of FM-based passive radar},
  journal = {IET Radar, Sonar and Navigation},
  year    = {2013},
  type    = {Journal Article}
}