@inproceedings{antennaArchitecture,
  author    = {Yardley, Heath J.},
  booktitle = {2007 IEEE Radar Conference},
  title     = {Bistatic Radar Based on DAB Illuminators: The Evolution of a Practical System},
  year      = {2007},
  volume    = {},
  number    = {},
  pages     = {688-692},
  keywords  = {Bistatic radar;Bandwidth;Digital audio broadcasting;Radar detection;Radar antennas;Resonator filters;Interference;Transmitters;Signal design;Passive radar},
  doi       = {10.1109/RADAR.2007.374302}
}

@inproceedings{AntennaHW,
  author    = {Moallemizadeh, A. and Hassani, H. R. and Nezhad, S. Mohammad Ali},
  booktitle = {2012 6th European Conference on Antennas and Propagation (EUCAP)},
  title     = {Wide bandwidth and small size LPDA antenna},
  year      = {2012},
  volume    = {},
  number    = {},
  pages     = {1-3},
  keywords  = {Dipole antennas;Fractals;Bandwidth;Resonant frequency;Microstrip antennas;Shape;Substrates;LPDA antenna;fractal;wide bandwidth},
  doi       = {10.1109/EuCAP.2012.6206312}
}

@misc{Cilentium,
  author       = {Stew Magnuson},
  title        = {`Passive' Radar Can Give Soldiers Stealth in Urban Battlegrounds},
  year         = {2023},
  howpublished = {\url{http://nationaldefensemagazine.org/articles/2023/3/28/passive-radar-can-give-soldiers-stealth-in-urban-battlegrounds}},
  note         = {Accessed: 2024-03-11}
}

@article{DABambiguity,
  title  = {Ambiguity Function Analysis and Direct-Path Signal Filtering of the Digital Audio Broadcast (DAB) Waveform for Passive Coherent Location (PCL)},
  author = {Guner, Abdulkadir},
  year   = {2002}
}

  @inproceedings{DABfeatures,
  author    = {Coleman, C.J. and Watson, R.A. and Yardley, H.},
  booktitle = {2008 IEEE Radar Conference},
  title     = {A practical bistatic passive radar system for use with DAB and DRM illuminators},
  year      = {2008},
  volume    = {},
  number    = {},
  pages     = {1-6},
  keywords  = {Passive radar;Radio broadcasting;Digital audio broadcasting;Bioreactors;Radio transmitters;Bandwidth;Bistatic radar;Digital Radio Mondiale;Radar tracking;Monitoring;Passive Bistatic Radar;Digital Audio Broadcasting;Digital Radio Mondiale},
  doi       = {10.1109/RADAR.2008.4721007}
}


@inproceedings{DABprocessingChain,
  author    = {Schüpbach, Christof and Welschen, Samuel},
  booktitle = {2018 19th International Radar Symposium (IRS)},
  title     = {Direct Signal Interference Mitigation By Slow-Time Frequency Correction For OFDM-Based Passive Radar},
  year      = {2018},
  volume    = {},
  number    = {},
  pages     = {1-10},
  keywords  = {OFDM;Surveillance;Receivers;Doppler effect;Interference;Passive radar;Delays},
  doi       = {10.23919/IRS.2018.8448150}
}


@phdthesis{DABsamplingChain,
  title  = {DAB Processing Chain for Passive Radar Applications},
  author = {Tilbury, C},
  year   = {2020},
  school = {BS Thesis, Dept Electrical Eng, UCT, Cape Town}
}

@inproceedings{DABsignal,
  author    = {Coleman, Cristopher and Yardley, Heath},
  booktitle = {2008 International Conference on Radar},
  title     = {DAB based passive radar: Performance calculations and trials},
  year      = {2008},
  volume    = {},
  number    = {},
  pages     = {691-694},
  keywords  = {Radar;Receivers;Passive radar;Lighting;Radar antennas;Distance measurement;Transmitters},
  doi       = {10.1109/RADAR.2008.4654009}
}


@article{detectionDABmodulation,
  author  = {Poullin, D.},
  year    = {2005},
  month   = {07},
  pages   = {143 - 152},
  title   = {Passive detection using digital broadcasters (DAB, DVB) with COFDM modulation},
  volume  = {152},
  journal = {Radar, Sonar and Navigation, IEE Proceedings -},
  doi     = {10.1049/ip-rsn:20045017}
}

@article{DSPdab,
  author   = {Berger, Christian R. and Demissie, Bruno and Heckenbach, JÖrg and Willett, Peter and Zhou, Shengli},
  journal  = {IEEE Journal of Selected Topics in Signal Processing},
  title    = {Signal Processing for Passive Radar Using OFDM Waveforms},
  year     = {2010},
  volume   = {4},
  number   = {1},
  pages    = {226-238},
  keywords = {Radar signal processing;Passive radar;OFDM;Digital video broadcasting;Matched filters;Signal processing algorithms;Video signal processing;Digital audio broadcasting;Decoding;Frequency division multiplexing;Compressed sensing;multistatic radar;MUSIC;radar processing;sparse estimation;subspace algorithms},
  doi      = {10.1109/JSTSP.2009.2038977}
}

@article{DSPfm,
  author   = {Moscardini, C. and Petri, D. and Capria, A. and Conti, M. and Martorella, M. and Berizzi, F.},
  journal  = {IEEE Transactions on Aerospace and Electronic Systems},
  title    = {Batches algorithm for passive radar: a theoretical analysis},
  year     = {2015},
  volume   = {51},
  number   = {2},
  pages    = {1475-1487},
  keywords = {Algorithm design and analysis;Doppler effect;Signal processing algorithms;Passive radar;Noise;Surveillance},
  doi      = {10.1109/TAES.2015.130407}
}

@techreport{DTSO2009,
  author      = {James Palmer, Simon Palumbo, Tri-Tan Van Cao and and Howard, Stephen},
  title       = {A new Illuminator of Opportunity Bistatic Radar
                 Research Project at DSTO},
  institution = {Defence Science and Technology Organisation},
  month       = {May 2009},
  year        = {2009},
  type        = {Report}
}

@inproceedings{DVBnoise,
  author    = {Yin, Ying and Zhang, Shunsheng and Wu, Fuxia and Zong, Zhulin and Zhang, Wei},
  booktitle = {2016 CIE International Conference on Radar (RADAR)},
  title     = {Passive radar detection with DVB-T signals},
  year      = {2016},
  volume    = {},
  number    = {},
  pages     = {1-5},
  keywords  = {Passive radar;OFDM;Object detection;Wideband;Correlation;Transforms;Passive Radar;Target Detection;Wideband Synthetic;Radon-Fourier Transform},
  doi       = {10.1109/RADAR.2016.8059601}
}

% MULTI SIGNAL
@article{DVBsignal, 
  author  = {Edrich, Michael and Schroeder, Alexander and Meyer, Fabienne},
  title   = {Design and performance evaluation of a mature FM/DAB/DVB-T multi-illuminator passive radar system},
  journal = {IET Radar, Sonar \& Navigation},
  volume  = {8},
  number  = {2},
  pages   = {114-122},
  year    = {2014}
}

  @mastersthesis{FMlowCost,
  author = {Sendall, Joshua Leigh},
  title  = {Implementation of a low-cost bistatic radar},
  year   = {2016},
  url    = {http://hdl.handle.net/2263/61335}
}

  @incollection{FundamentalsPassiveRadar,
  author     = {Griffiths, Hugh},
  booktitle  = {Academic Press Library in Signal Processing: Volume 2},
  doi        = {https://doi.org/10.1016/B978-0-12-396500-4.00016-8},
  editor     = {Nicholas D. Sidiropoulos and Fulvio Gini and Rama Chellappa and Sergios Theodoridis},
  issn       = {2351-9819},
  keywords   = {Radar, Bistatic radar, Tracking, Detection, Waveform diversity, Clutter diversity, Illuminator of opportunity},
  pages      = {813-855},
  publisher  = {Elsevier},
  series     = {Academic Press Library in Signal Processing},
  title      = {Chapter 16 - Passive Bistatic Radar},
  url        = {https://www.sciencedirect.com/science/article/pii/B9780123965004000168},
  volume     = {2},
  year       = {2014},
  bdsk-url-1 = {https://www.sciencedirect.com/science/article/pii/B9780123965004000168},
  bdsk-url-2 = {https://doi.org/10.1016/B978-0-12-396500-4.00016-8}
}

  @book{INTRO2017,
  author    = {Griffiths, H. and Baker, Christopher J. and Xplore, Ieee},
  title     = {An introduction to passive radar},
  publisher = {Artech House
               IEEE Xplore},
  address   = {Boston
               Piscataqay, New Jersey},
  edition   = {First Edition},
  series    = {Artech House radar series},
  keywords  = {Bistatic radar.
               Tracking radar.
               Radar},
  isbn      = {1630810363
               9781630810368
               9781630814311
               1630814318},
  year      = {2017},
  type      = {Book}
}

% CITED BY EVERYONE
@inproceedings{IOTpassiveRadar,
  author    = {Moser, Daniel and Tresoldi, Giorgio and Schüpbach, Christof and Lenders, Vincent},
  booktitle = {2019 IEEE Radar Conference (RadarConf)},
  title     = {Design and Evaluation of a Low-Cost Passive Radar Receiver Based on IoT Hardware},
  year      = {2019},
  volume    = {},
  number    = {},
  pages     = {1-6},
  keywords  = {Passive radar;Surveillance;Frequency modulation;Receivers;Radar tracking;Aircraft},
  doi       = {10.1109/RADAR.2019.8835690},
  issn      = {2375-5318},
  month     = {April}
}

@misc{SDRdongle,
  author       = {{RTL-SDR.com}},
  title        = {Buy RTL-SDR Dongles (RTL2832U)},
  howpublished = {\url{https://www.rtl-sdr.com/buy-rtl-sdr-dvb-t-dongles/}},
  note         = {Accessed: 2024-03-11},
  year         = 2024
}


@inproceedings{SDRhardware,
  author = {Calvo-Palomino, Roberto and Ricciato, Fabio and Giustiniano, Domenico and Lenders, Vincent},
  year   = {2017},
  month  = {10},
  pages  = {51-58},
  title  = {LTESS-track: A Precise and Fast Frequency Offset Estimation for low-cost SDR Platforms},
  doi    = {10.1145/3131473.3131481}
}

@article{SDRtheory,
  title     = {Software-defined radio: a brief overview},
  author    = {Sadiku, Mathew NO and Akujuobi, Cajetan M},
  journal   = {Ieee Potentials},
  volume    = {23},
  number    = {4},
  pages     = {14--15},
  year      = {2004},
  publisher = {IEEE}
}

@article{SIGNAL2013,
  author  = {Mateusz Malanowski, Krzysztof Kulpa, Janusz Kulpa, Piotr Samczynski, Jacek Misiurewicz},
  title   = {Analysis of detection range of FM-based passive radar},
  journal = {IET Radar, Sonar and Navigation},
  year    = {2013},
  type    = {Journal Article}
}

@inproceedings{UAVdab,
  author    = {Schüpbach, Christof and Patry, Christian and Maasdorp, Francois and Böniger, Urs and Wellig, Peter},
  booktitle = {2017 IEEE Radar Conference (RadarConf)},
  title     = {Micro-UAV detection using DAB-based passive radar},
  year      = {2017},
  volume    = {},
  number    = {},
  pages     = {1037-1040},
  keywords  = {Passive radar;Doppler effect;Receivers;Radio transmitters;Delays;Radar cross-sections},
  doi       = {10.1109/RADAR.2017.7944357}
}

@article{zhang2023intelligent,
  title  = {Intelligent sensor-fused system for traffic monitoring},
  author = {Zhang, Lu},
  year   = {2023}
}

@INPROCEEDINGS{RTLSDRspecs,
  author={Vildyaeva, Maria V. and Egorova, Elizaveta A. and Vavrenyuk, Aleksandr B.},
  booktitle={2020 IEEE Conference of Russian Young Researchers in Electrical and Electronic Engineering (EIConRus)}, 
  title={Using a Neural Network to Convert a Radio Signal from an RTL-SDR Receiver to Text}, 
  year={2020},
  volume={},
  number={},
  pages={1449-1451},
  keywords={RTL2832},
  doi={10.1109/EIConRus49466.2020.9039046}}

@incollection{SDRgeneralInfo,
  title = {Software-Defined Radio},
  author = {Vijay K. Garg},
  booktitle = {Wireless Communications \& Networking},
  year = {2007},
  publisher = {Elsevier},
  note = {Accessed: 2024-08-20},
  url = {https://www.sciencedirect.com/topics/engineering/software-defined-radio}
}

@INPROCEEDINGS{SDRsoftware,
  author={González-Barbone, Víctor and Belzarena, Pablo and Larroca, Federico},
  booktitle={2018 XIII Technologies Applied to Electronics Teaching Conference (TAEE)}, 
  title={Software Defined Radio: From Theory to Real World Communications}, 
  year={2018},
  volume={},
  number={},
  pages={1-7},
  keywords={Education;Hardware;Software defined radio},
  doi={10.1109/TAEE.2018.8476109}}

@misc{SDRmoduleComparison,
    author = {Dilusha Samarasekara},
    publisher = {Radio Society of Sri Lanka},
    title = {Popular SDRs},
    year = {2023},
    url = {https://rssl.lk/2023/07/18/popular-sdrs/},
    note = {Accessed: 2024-08-20}
}

@ARTICLE{KrakenSDR,
  author={Cass, Stephen},
  journal={IEEE Spectrum}, 
  title={Passive Radar With the KrakenSDR > Spot stuff with TV antennas and a software-defined radio}, 
  year={2022},
  volume={59},
  number={11},
  pages={16-18},
  keywords={Interference;TV;Passive radar;Tuners;Reflection;Transmitting antennas;Software radio},
  doi={10.1109/MSPEC.2022.9941039}}

@misc{pimoroni_nvme_base,
  author       = {{Pimoroni}},
  title        = {NVMe Base},
  year         = 2024,
  url          = {https://shop.pimoroni.com/products/nvme-base?variant=41219587178579},
  note         = {Accessed: 2024-08-20}
}

@misc{RTLSDRchipSet,
  author       = {Superkuh},
  title        = {RTL-SDR},
  year         = {n.d.},
  url          = {http://superkuh.com/rtlsdr.html},
  note         = {Accessed: 2024-08-27}
}

@misc{RTLsdrBlockDiagram,
  author       = {Konstanty Bialkowksi},
  title        = {COMS4105 Prac 1},
  year         = {2024},
  howpublished = {University of Queensland},
  note         = {Image retrieved from the assignment sheet}
}

@ARTICLE{AntennaIEEE,
  author={},
  journal={IEEE Std 145-1993}, 
  title={IEEE Standard Definitions of Terms for Antennas}, 
  year={1993},
  volume={},
  number={},
  pages={1-32},
  keywords={IEEE standards;Antennas;Terminology;antennas;definitions;propagation;terminology},
  doi={10.1109/IEEESTD.1993.119664}}

@misc{flightradar24,
  title = {Build Your Own ADS-B Ground Station},
  author = {{Flightradar24}},
  year = {2024},
  howpublished = {\url{https://www.flightradar24.com/build-your-own}},
  note = {Accessed: 2024-09-01}
}

@INBOOK{IoTdefinition,
  author={},
  booktitle={Internet of Things A to Z: Technologies and Applications}, 
  title={Introduction to the Internet of Things}, 
  year={2018},
  volume={},
  number={},
  pages={1-50},
  keywords={Internet of Things;Business;Computers;Sensors;Pervasive computing;Information systems},
  doi={10.1002/9781119456735.ch1}}

@INPROCEEDINGS{FPGAhardware,
  author={Michalak, Filip and Zabołotny, Wojciech and Podkalicki, Łukasz and Malanowski, Mateusz and Piasecki, Marcin and Kulpa, Krzysztof},
  booktitle={2022 23rd International Radar Symposium (IRS)}, 
  title={Universal RFSoC-based Signal Recorder for Radar Applications}, 
  year={2022},
  volume={},
  number={},
  pages={136-140},
  keywords={Passive radar;Semiconductor device measurement;Protocols;Process control;Signal processing;Mechanical variables measurement;Software;RFSoC;software-defined radio;signal recording;passive radar;FADE protocol;FPGA},
  doi={10.23919/IRS54158.2022.9905032}}


@online{sbc_hardware,
  author    = {{XDA Developers}},
  title     = {Best Single Board Computers},
  year      = {2024},
  url       = {https://xda-developers.com/best-single-board-computer/},
  note      = {Accessed: 2024-09-01}
}


@online{core_electronics_rpi5,
  author    = {{Core Electronics}},
  title     = {Raspberry Pi 5 Model B (8GB)},
  year      = {2024},
  url       = {https://core-electronics.com.au/raspberry-pi-5-model-b-8gb.html?gad_source=1&gclid=Cj0KCQjw_sq2BhCUARIsAIVqmQtpx455hPFLvojanGEqLxQeD4DVyw90AASBabzCCzlFmi88saIqMv8aAp9JEALw_wcB},
  note      = {Accessed: 2024-09-01}
}

@article{rpi5_wifi,
  author = {Avram Piltch},
  title = {Raspberry Pi 5's Wi-Fi Gets Faster},
  year = {2024},
  url = {https://www.tomshardware.com/news/raspberry-pi-5-wi-fi-faster},
  note = {Accessed: 2024-09-01}
}

@misc{pushbuttons,
  author       = {Adafruit},
  title        = {16mm Illuminated Pushbutton},
  year         = {2024},
  url          = {https://www.adafruit.com/product/1439},
  note         = {Accessed: 2024-09-01}
}

@misc{DABaustralia,
  author       = {Anthony Eden},
  title        = {Digital Radio in Australia: DAB+ Technical Overview},
  year         = {2023},
  url          = {https://www.mediarealm.com.au/articles/digital-radio-australia-dabplustechnical-overview/},
  note         = {Accessed: 2024-09-02}
}

@misc{etsi_DAB_standard,
  author       = {{ETSI}},
  title        = {EN 300 401 - Radio Broadcasting Systems; Digital Audio Broadcasting (DAB) to Mobile, Portable, and Fixed Receivers},
  year         = {2016},
  howpublished = {\url{https://www.etsi.org/deliver/etsi_en/300400_300499/300401/02.01.01_60/en_300401v020101p.pdf}},
  note         = {Accessed: 2024-09-02}
}

@misc{limesdr_usb,
  title = {LimeSDR-USB},
  author = {myriadrf},
  year = {2024},
  url = {https://wiki.myriadrf.org/LimeSDR-USB},
  note = {Accessed: 2024-09-10}
}

@misc{librtlsdr,
  author       = {Steve M.},
  title        = {librtlsdr},
  year         = {2024},
  url          = {https://github.com/steve-m/librtlsdr?tab=readme-ov-file},
  note         = {Accessed: 2024-09-17},
}

@misc{soapsdr,
  author       = {Pothosware},
  title        = {SoapySDR},
  year         = {2024},
  url          = {https://github.com/pothosware/SoapySDR/wiki},
  note         = {Accessed: 2024-09-17},
}

@misc{complexSamplingPython,
  author = {Deepwave Digital},
  title = {Recording Signals Tutorial},
  howpublished = {\url{https://docs.deepwavedigital.com/Tutorials/2_recording_signals/}},
  year = {2023},
  note = {Accessed: 2024-09-20}
}

@inproceedings{singleChannel,
  author    = {Osama Mahfoudia and François Horlin and Xavier Neyt},
  title     = {On the feasibility of {DVB-T} based passive radar with a single receiver channel},
  booktitle = {Proceedings of the 15th International Radar Symposium (IRS)},
  year      = {2014},
  pages     = {1--6},
  doi       = {10.1109/IRS.2014.6869297},
  organization = {IEEE},
}

@techreport{FFTcorrelation,
  author       = {Don Koks},
  title        = {How to Create and Manipulate Radar Range–Doppler Plots},
  institution  = {Defence Science and Technology Organisation},
  year         = {2012},
  number       = {DSTO–TN–1386},
  address      = {Cyber \& Electronic Warfare Division, Australian Government},
}

@INPROCEEDINGS{ZhangClutter,
  author = {Lu Zhang and Konstanty S. Bialkowski},
  title = {Passive Radar for Low Doppler Targets Detection using Background Estimation and Subtraction},
  booktitle = {2020 IEEE International Conference on Radar (RADAR)},
  year = {2020},
  pages = {1--6},
  publisher = {IEEE},
  address = {Brisbane, QLD, Australia},
  doi = {10.1109/RADAR49081.2020.9231322},
}

@misc{RPiCase,
  title        = {Raspberry Pi 5 Case for Pimoroni NVMe SSD Base Option},
  author       = {Rasmussen and Printables},
  year         = 2024,
  url          = {https://www.printables.com/model/722026-raspberry-pi-5-case-for-pimoroni-nvme-ssd-base-opt},
  note         = {Accessed: 2024-10-04},
}

@misc{TCPoverview,
  author       = {Ishan Dhar},
  title        = {TCP Connections and Sockets: Deep Dive into Networking Fundamentals with Linux and Python},
  howpublished = {\url{https://medium.com/@dhar.ishan04/tcp-connections-and-sockets-deep-dive-into-networking-fundamentals-with-linux-and-python-4c717ca6115}},
  year         = {2020},
  note         = {Accessed: 2024-10-08}
}

@misc{SSHOverview,
  author = {Alexander Gillis},
  title = {Secure Shell (SSH)},
  year = {2023},
  url = {https://www.techtarget.com/searchsecurity/definition/Secure-Shell},
  note = {Accessed: 2024-10-08}
}

@misc{SpectrumImage,
  author = {{Australian Communications and Media Authority}},
  title = {Australian Radiofrequency Spectrum Allocations Chart},
  year = {2019},
  url = {https://www.acma.gov.au/sites/default/files/2019-10/Australian%20radiofrequency%20spectrum%20allocations%20chart.pdf},
  note = {Accessed: 2024-10-17}
}

@misc{LockheedRadar,
  author = {Lockheed Martin},
  title = {What is a Radar Band and Why is it Important?},
  year = {2024},
  url = {https://www.lockheedmartin.com/en-us/news/features/2024/what-is-a-radar-band-and-why-is-it-important.html},
  note = {Accessed: 2024-10-17}
}

@article{AmbiguityCompare,
  author = {J. M. Thomas and C. J. Baker and H. D. Griffiths},
  title = {HF Passive Bistatic Radar: Potential and Applications for Remote Sensing},
  journal = {IEEE Aerospace and Electronic Systems Magazine},
  year = {2005},
  publisher = {IEEE},
  note = {Cite This, PDF available}
}

@article{satelliteIlluminator,
  author    = {Martin Ummenhofer and Louis Cesbron Lavau and Diego Cristallini and Daniel O'Hagan},
  title     = {UAV Micro-Doppler Signature Analysis Using DVB-S Based Passive Radar},
  journal   = {IEEE},
  year      = {2024},
  note      = {Accessed: Oct. 17, 2024}
}

@article{DVB-S,
    author    = {Stefan Brisken and Matteo Moscadelli and Viktor Seidel and Christoph Schwark},
    title     = {Passive radar imaging using DVB-S2},
    journal   = {IEEE},
    year      = {2024},
    note      = {Cite This},
}

@misc{AntennaPiece,
  author       = {Digitek},
  title        = {Digitek 01BUWX18L 18 Elements Outer Metro UHF Antenna},
  year         = {2024},
  url          = {https://www.radioparts.com.au/product/00727310/01BUWX18L?CAWELAID=120007580000000894&pid=00727310&utm_source=google&utm_medium=cpc&utm_campaign=free+listings&srsltid=AfmBOorS_-NCsSPjXDTdu1etHVTp3Zth3AjjspabO7Co6JJ4kSspvgFE2RM},
  note         = {Accessed: 2024-10-20}
}

@online{GeometryAttenuation,
    author    = {Mason, J.},
    title     = {Adaptive Streaming of High-Quality Audio over Low-Bitrate Networks},
    year      = {2024},
    journal   = {EBU Technical Review},
    url       = {https://tech.ebu.ch/docs/techreview/trev_299-mason.pdf},
    note      = {Accessed: October 20, 2024}
}

@techreport{SilentSentry,
    title={Silent Sentry Passive Surveillance System},
    author={Lockheed Martin Corporation},
    year={2000},
    url={https://www.mobileradar.org/Documents/Silent_Sentry.pdf},
    note={Accessed: 2024-10-23}
}


